@misc{fft,
  title={Cal {P}oly {G}ithub},
  note={\url{http://www.github.com/CalPoly}}
}

@article{bonter2012data,
  title={Data validation in citizen science: a case study from Project FeederWatch},
  author={Bonter, David N and Cooper, Caren B},
  journal={Frontiers in Ecology and the Environment},
  volume={10},
  number={6},
  pages={305--307},
  year={2012},
  publisher={Wiley Online Library}
}

@article{zuckerberg2011climatic,
  title={Climatic constraints on wintering bird distributions are modified by urbanization and weather},
  author={Zuckerberg, Benjamin and Bonter, David N and Hochachka, Wesley M and Koenig, Walter D and DeGaetano, Arthur T and Dickinson, Janis L},
  journal={Journal of Animal Ecology},
  volume={80},
  number={2},
  pages={403--413},
  year={2011},
  publisher={Wiley Online Library}
}

@article{hochachka2009spatial,
  title={Spatial variation in an avian host community: implications for disease dynamics},
  author={Hochachka, Wesley M and Dhondt, Andr{\'e} A and others},
  journal={EcoHealth},
  volume={6},
  number={4},
  pages={540--545},
  year={2009},
  publisher={Springer}
}

@book{intergovernmental2014climate,
  title={Climate Change 2014--Impacts, Adaptation and Vulnerability: Regional Aspects},
  author={IPCC},
  year={2014},
  publisher={Cambridge University Press}
}

@article{waller2013data,
  title={Data science, predictive analytics, and big data: a revolution that will transform supply chain design and management},
  author={Waller, Matthew A and Fawcett, Stanley E},
  journal={Journal of Business Logistics},
  volume={34},
  number={2},
  pages={77--84},
  year={2013},
  publisher={Wiley Online Library}
}

@book{bower2001computational,
  title={Computational modeling of genetic and biochemical networks},
  author={Bower, James M and Bolouri, Hamid},
  year={2001},
  publisher={MIT press}
}

@article{strong2015climatic,
  title={Climatic dipoles drive two principal modes of North American boreal bird irruption},
  author={Strong, Courtenay and Zuckerberg, Benjamin and Betancourt, Julio L and Koenig, Walter D},
  journal={Proceedings of the National Academy of Sciences},
  volume={112},
  number={21},
  pages={E2795--E2802},
  year={2015},
  publisher={National Acad Sciences}
}

@article{bonter2008winter,
  title={Winter survey data reveal rangewide decline in Evening Grosbeak populations},
  author={Bonter, David N and Harvey, Michael G},
  journal={The Condor},
  volume={110},
  number={2},
  pages={376--381},
  year={2008},
  publisher={BioOne}
}

@article{jones2008feeding,
  title={Feeding birds in our towns and cities: a global research opportunity},
  author={Jones, Darryl N and James Reynolds, S},
  journal={Journal of avian biology},
  volume={39},
  number={3},
  pages={265--271},
  year={2008},
  publisher={Wiley Online Library}
}

@article{brittingham1992does,
  title={Does Winter Bird Feeding Promote Dependency?(?` Promueve Dependencia la Alimentaci{\'o}n de aves Durante el Invierno?)},
  author={Brittingham, Margaret C and Temple, Stanley A},
  journal={Journal of Field Ornithology},
  pages={190--194},
  year={1992},
  publisher={JSTOR}
}

@article{grubb1975weather,
  title={Weather-dependent foraging behavior of some birds wintering in a deciduous woodland},
  author={Grubb, Thomas C},
  journal={The Condor},
  volume={77},
  number={2},
  pages={175--182},
  year={1975},
  publisher={JSTOR}
}

@article{kortner2000metabolism,
  title={Metabolism: winter torpor in a large bird},
  author={K{\"o}rtner, Gerhard and Brigham, R Mark and Geiser, Fritz},
  journal={Nature},
  volume={407},
  number={6802},
  pages={318},
  year={2000},
  publisher={Nature Publishing Group}
}

@article{wilcove2008going,
  title={Going, going, gone: is animal migration disappearing},
  author={Wilcove, David S and Wikelski, Martin},
  journal={PLoS biology},
  volume={6},
  number={7},
  pages={e188},
  year={2008},
  publisher={Public Library of Science}
}

@article{d1999consistency,
  title={The consistency of individual differences in behaviour: temperature effects on antipredator behaviour in garter snakes},
  author={D BRODIE III, EDMUND and RUSSELL, NEVELYN H},
  journal={Animal behaviour},
  volume={57},
  number={2},
  pages={445--451},
  year={1999},
  publisher={Elsevier}
}

@article{bock1976synchronous,
  title={Synchronous eruptions of boreal seed-eating birds},
  author={Bock, Carl E and Lepthien, Larry W},
  journal={The American Naturalist},
  volume={110},
  number={974},
  pages={559--571},
  year={1976},
  publisher={University of Chicago Press}
}

@article{robinson1982foraging,
  title={Foraging behavior of forest birds: the relationships among search tactics, diet, and habitat structure},
  author={Robinson, Scott K and Holmes, Richard T},
  journal={Ecology},
  volume={63},
  number={6},
  pages={1918--1931},
  year={1982},
  publisher={Wiley Online Library}
}

@article{pitelka1997plant,
  title={Plant migration and climate change: a more realistic portrait of plant migration is essential to predicting biological responses to global warming in a world drastically altered by human activity},
  author={Pitelka, Louis F and Plant Migration Workshop Group},
  journal={American Scientist},
  pages={464--473},
  year={1997},
  publisher={JSTOR}
}

@book{louv2012citizen,
  title={Citizen science: Public participation in environmental research},
  author={Louv, Richard and Fitzpatrick, John W},
  year={2012},
  publisher={Cornell University Press}
}

@article{miller2017fighting,
  title={Fighting over food unites the birds of North America in a continental dominance hierarchy},
  author={Miller, Eliot T and Bonter, David N and Eldermire, Charles and Freeman, Benjamin G and Greig, Emma I and Harmon, Luke J and Lisle, Curtis and Hochachka, Wesley M and Stephens, David},
  journal={Behavioral Ecology},
  volume={28},
  number={6},
  pages={1454--1463},
  year={2017},
  publisher={Oxford University Press}
}

@article{prince2015climate,
  title={Climate change in our backyards: the reshuffling of North America's winter bird communities},
  author={Princ{\'e}, Karine and Zuckerberg, Benjamin},
  journal={Global change biology},
  volume={21},
  number={2},
  pages={572--585},
  year={2015},
  publisher={Wiley Online Library}
}

@article{hartup1998risk,
  title={Risk factors associated with mycoplasmal conjunctivitis in house finches},
  author={Hartup, Barry K and Mohammed, Hussni O and Kollias, George V and Dhondt, Andre A},
  journal={Journal of wildlife diseases},
  volume={34},
  number={2},
  pages={281--288},
  year={1998},
  publisher={BioOne}
}

@article{holmes1979bird,
  title={Bird predation on forest insects: an exclosure experiment},
  author={Holmes, Richard T and Schultz, John C and Nothnagle, Philip},
  journal={Science},
  volume={206},
  number={4417},
  pages={462--463},
  year={1979},
  publisher={American Association for the Advancement of Science}
}

@article{baum2009cascading,
  title={Cascading top-down effects of changing oceanic predator abundances},
  author={Baum, Julia K and Worm, Boris},
  journal={Journal of Animal Ecology},
  volume={78},
  number={4},
  pages={699--714},
  year={2009},
  publisher={Wiley Online Library}
}

@article{jump2005running,
  title={Running to stand still: adaptation and the response of plants to rapid climate change},
  author={Jump, Alistair S and Penuelas, Josep},
  journal={Ecology Letters},
  volume={8},
  number={9},
  pages={1010--1020},
  year={2005},
  publisher={Wiley Online Library}
}

@article{bradshaw2006evolutionary,
  title={Evolutionary response to rapid climate change},
  author={Bradshaw, William E and Holzapfel, Christina M},
  journal={Science(Washington)},
  volume={312},
  number={5779},
  pages={1477--1478},
  year={2006}
}

@article{erni2002wind,
  title={Wind and rain govern the intensity of nocturnal bird migration in central Europe-a log-linear regression analysis},
  author={Erni, BIRGIT and Liechti, Felix and Underhill, Les G and Bruderer, BRUNO},
  journal={Ardea},
  volume={90},
  number={1},
  pages={155--166},
  year={2002}
}

@article{alerstam1979wind,
  title={Wind as selective agent in bird migration},
  author={Alerstam, Thomas},
  journal={Ornis Scandinavica},
  pages={76--93},
  year={1979},
  publisher={JSTOR}
}

@article{carr2010high,
  title={High wind speeds decrease the responsiveness of birds to potentially threatening moving stimuli},
  author={Carr, Jennie M and Lima, Steven L},
  journal={Animal Behaviour},
  volume={80},
  number={2},
  pages={215--220},
  year={2010},
  publisher={Elsevier}
}

@article{kendeigh1970energy,
  title={Energy requirements for existence in relation to size of bird},
  author={Kendeigh, S Charles},
  journal={The Condor},
  volume={72},
  number={1},
  pages={60--65},
  year={1970},
  publisher={JSTOR}
}

@article{kendeigh1949effect,
  title={Effect of temperature and season on energy resources of the English Sparrow},
  author={Kendeigh, S Charles},
  journal={The Auk},
  volume={66},
  number={2},
  pages={113--127},
  year={1949},
  publisher={JSTOR}
}

@Manual{ProjectO75:online,
title = {Project Overview - FeederWatch},
year = {2018},
note = {\url{https://feederwatch.org/about/project-overview/} (Accessed on 04/24/2018)}
}

@Manual{PFWPubs:online,
title = {Project FeederWatch - Scientific Publications},
note = {\url{https://feederwatch.org/explore/scientific-publications/} (Accessed on 04/05/2018)}
}

@misc{NOAAData:online,
title = {NOAA Data Tools: Local Climatological Data (LCD)},
note = {\url{https://www.ncdc.noaa.gov/cdo-web/datatools/lcd} (Accessed on 03/10/2018)}
}

@misc{WUQuality:online,
title = {Weather Underground: Quality Control Improvements},
note = {\url{https://www.wunderground.com/blog/PWSmet/pws-updates-quality-control-improvements.html} (Accessed on 05/03/2018)}
}

@misc{WUAbout:online,
title = {Weather Underground: About Us},
note = {\url{https://www.wunderground.com/about/our-company} (Accessed on 05/03/2018)}
}

@misc{WUAPI:online,
title = {Weather Underground: API Documentation},
note = {\url{https://www.wunderground.com/weather/api/d/docs?d=data/history} (Accessed on 04/05/2018)}
}

@misc{WUData:online,
title = {Weather Underground: About Our Data},
note = {\url{https://www.wunderground.com/about/data} (Accessed on 04/05/2018)}
}

@misc{RLinearModel:online,
title = {Getting Started with Mixed Effect Models in R},
note = {\url{https://www.jaredknowles.com/journal/2013/11/25/getting-started-with-mixed-effect-models-in-r} (Accessed on 04/15/2018)}
}

@misc{AddProps:online,
title = {Additive Models vs. Interaction Models},
note = {\url{https://chemicalstatistician.wordpress.com/2014/03/07/applied-statistics-lesson-of-the-day-additive-models-vs-interaction-models-in-2-factor-experimental-designs/} (Accessed on 04/15/2018)}
}

@misc{BirdQuizzes:online,
title = {Photo Quiz 5: On Your Field Marks, Get Set, Go!},
note = {\url{https://www.allaboutbirds.org/photo-quiz-5-on-your-field-marks-get-set-go/} (Accessed on 04/15/2018)}
}

@misc{AllAboutBirds:online,
title = {All About Birds},
note = {\url{https://www.allaboutbirds.org/} (Accessed on 04/15/2018)}
}

@Manual{,
title = {{nlme}: Linear and Nonlinear Mixed Effects Models},
author = {Jose Pinheiro and Douglas Bates and Saikat DebRoy and
Deepayan Sarkar and {R Core Team}},
year = {2018},
note = {R package version 3.1-137},
url = {https://CRAN.R-project.org/package=nlme},
}

@article{sutton1997comparison,
  title={A comparison of nighttime satellite imagery and population density for the continental United States},
  author={Sutton, Paul and Roberts, Dar and Elvidge, Chris and Meij, Henk},
  journal={Photogrammetric engineering and remote sensing},
  volume={63},
  number={11},
  pages={1303--1313},
  year={1997},
  publisher={[Falls Church, Va.] American Society of Photogrammetry.}
}

@book{dunning2007crc,
  title={CRC handbook of avian body masses},
  author={Dunning Jr, John B},
  year={2007},
  publisher={CRC press}
}

@article{kennedy1970direct,
  title={Direct effects of rain on birds: a review},
  author={Kennedy, RJ},
  journal={British Birds},
  volume={63},
  pages={401--414},
  year={1970}
}

@misc{t-value:online,
title = {T-value},
note = {\url{https://www.allbusiness.com/barrons_dictionary/dictionary-t-value-4942040-1.html} (Accessed on 05/15/2018)}
}

@misc{t-value-interp:online,
title = {T-value Interpretation},
note = {\url{http://blog.minitab.com/blog/statistics-and-quality-data-analysis/what-is-a-t-test-and-why-is-it-like-telling-a-kid-to-clean-up-that-mess-in-the-kitchen} (Accessed on 05/15/2018)}
}

@misc{ProfFrancis:online,
title = {Clinton Francis},
note = {\url{https://bio.calpoly.edu/content/clinton-francis} (Accessed on 04/15/2018)}
}

@misc{p-value:online,
title = {P-value},
note = {\url{http://blog.minitab.com/blog/understanding-statistics/what-can-you-say-when-your-p-value-is-greater-than-005} (Accessed on 06/03/2018)}
}

@Article{lme4Usage,
    title = {Fitting Linear Mixed-Effects Models Using {lme4}},
    author = {Douglas Bates and Martin M{\"a}chler and Ben Bolker and Steve Walker},
    journal = {Journal of Statistical Software},
    year = {2015},
    volume = {67},
    number = {1},
    pages = {1--48},
    doi = {10.18637/jss.v067.i01},
  }
  
@Manual{RManual,
    title = {R: A Language and Environment for Statistical Computing},
    author = {{R Core Team}},
    organization = {R Foundation for Statistical Computing},
    address = {Vienna, Austria},
    year = {2017},
    url = {https://www.R-project.org/},
  }
  
@misc{RMixedEffect:online,
title = {P-value},
note = {\url{http://www.bodowinter.com/tutorial/bw_LME_tutorial2.pdf} (Accessed on 06/03/2018)}
}

@misc{RLinear:online,
title = {P-value},
note = {\url{http://www.bodowinter.com/tutorial/bw_LME_tutorial1.pdf} (Accessed on 06/03/2018)}
}

@misc{LinearAssump:online,
title = {P-value},
note = {\url{https://www.st-andrews.ac.uk/media/capod/students/mathssupport/mixedeffectsknir.pdf} (Accessed on 06/03/2018)}
}

@misc{worldclimHome:online,
title = {WorldClim Homepage},
note = {\url{http://worldclim.org} (Accessed on 05/25/2018)}
}

@misc{worldclim:online,
title = {WorldClim},
note = {\url{http://worldclim.org/version2} (Accessed on 05/25/2018)}
}

@misc{LinRegress:online,
title = {Assumptions of Linear Regression},
note = {\url{http://www.statisticssolutions.com/assumptions-of-linear-regression/} (Accessed on 06/06/2018)}
}

@misc{RandomInt:online,
title = {Random intercept models},
note = {\url{http://www.bristol.ac.uk/cmm/learning/videos/random-intercepts.html#exvar} (Accessed on 06/06/2018)}
}

@misc{Residuals:online,
title = {Residual Value Definition},
note = {\url{http://stattrek.com/statistics/dictionary.aspx?definition=residual} (Accessed on 06/06/2018)}
}

@misc{QQPlots:online,
title = {Understanding Q-Q Plots},
note = {\url{https://data.library.virginia.edu/understanding-q-q-plots/} (Accessed on 06/16/2018)}
}








